% introduction

@article{Offutt2002,
    doi = {10.1109/52.991329},
    url = {https://doi.org/10.1109/52.991329},
    year = {2002},
    publisher = {Institute of Electrical and Electronics Engineers ({IEEE})},
    volume = {19},
    number = {2},
    pages = {25--32},
    author = {J. Offutt},
    title = {Quality attributes of Web software applications},
    journal = {{IEEE} Software}
}

@BOOK{Anderson2010,
    title = {Effective UI: The Art of Building Great User Experience in Software},
    author = "Anderson, Jonathan and McRee, John and Wilson, Robb",
    publisher = "O'Reilly Media",
    month = feb,
    year = 2010,
    language = "en"
}

@inproceedings{Myers1992,
    doi = {10.1145/142750.142789},
    url = {https://doi.org/10.1145/142750.142789},
    year = {1992},
    publisher = {{ACM} Press},
    author = {Brad A. Myers and Mary Beth Rosson},
    title = {Survey on user interface programming},
    booktitle = {Proceedings of the {SIGCHI} conference on Human factors in computing systems - {CHI} {\textquotesingle}92}
}

@InProceedings{Six1991,
    author = "Six, H. -W. and Voss, J.",
    title = "User interface development: Problems and experiences",
    booktitle = "New Results and New Trends in Computer Science",
    year = "1991",
    publisher = "Springer Berlin Heidelberg",
    pages = "306--319",
    isbn = "978-3-540-46457-0"
}

@TECHREPORT{Cisco2020,
    TITLE = {Cisco {Annual} {Internet} {Report} (2018–2023)},
    INSTITUTION = {Cisco},
    YEAR = {2020},
}

@article{Betts1987,
    doi = {10.1145/24919.24920},
    url = {https://doi.org/10.1145/24919.24920},
    year = {1987},
    month = apr,
    publisher = {Association for Computing Machinery ({ACM})},
    volume = {21},
    number = {2},
    pages = {73--78},
    author = {B Betts and David Burlingame and Gerhard Fischer and Jim Foley and Mark Green and David Kasik and Stephen T Kerr and Dan Olsen and James Thomas},
    title = {Goals and objectives for user interface software},
    journal = {{ACM} {SIGGRAPH} Computer Graphics}
}

@inproceedings{Puerta1994,
    doi = {10.1145/259963.260519},
    url = {https://doi.org/10.1145/259963.260519},
    year = {1994},
    publisher = {{ACM} Press},
    author = {Angel R. Puerta and Pedro Szkeley},
    title = {Model-based interface development},
    booktitle = {Conference companion on Human factors in computing systems - {CHI} {\textquotesingle}94}
}

@article{Meixner2011,
    doi = {10.1524/icom.2011.0026},
    url = {https://doi.org/10.1524/icom.2011.0026},
    year = {2011},
    month = nov,
    publisher = {Walter de Gruyter {GmbH}},
    volume = {10},
    number = {3},
    pages = {2--11},
    author = {Gerrit Meixner and Fabio Patern{\`{o}} and Jean Vanderdonckt},
    title = {Past, Present, and Future of Model-Based User Interface Development},
    journal = {i-com}
}

@article{Ruiz2018,
    doi = {10.1007/s10270-018-0698-x},
    url = {https://doi.org/10.1007/s10270-018-0698-x},
    year = {2018},
    month = oct,
    publisher = {Springer Science and Business Media {LLC}},
    volume = {18},
    number = {4},
    pages = {2753--2776},
    author = {Jenny Ruiz and Estefan{\'{\i}}a Serral and Monique Snoeck},
    title = {Evaluating user interface generation approaches: model-based versus model-driven development},
    journal = {Software \& Systems Modeling}
}

@article{Homrighausen2002,
    doi = {10.1007/s007660200003},
    url = {https://doi.org/10.1007/s007660200003},
    year = {2002},
    month = apr,
    publisher = {Springer Science and Business Media {LLC}},
    volume = {7},
    number = {1},
    pages = {34--45},
    author = {Andreas Homrighausen and Hans-Werner Six and Mario Winter},
    title = {Round-Trip Prototyping Based on Integrated Functional and User Interface Requirements Specifications},
    journal = {Requirements Engineering}
}

@inproceedings{Feuerstack2006,
    author = {Feuerstack, Sebastian and Blumendorf, Marco and Albayrak, Sahin},
    year = {2006},
    month = {01},
    pages = {131-137},
    title = {Bridging the Gap between Model and Design of User Interfaces.}
}

@inproceedings{Fu2011,
    doi = {10.1109/icsc.2011.76},
    url = {https://doi.org/10.1109/icsc.2011.76},
    year = {2011},
    month = sep,
    publisher = {{IEEE}},
    author = {Jicheng Fu and Wei Hao and Farokh B. Bastani and I-Ling Yen},
    title = {Model-Driven Development: Where Does the Code Come From?},
    booktitle = {2011 {IEEE} Fifth International Conference on Semantic Computing}
}

@inproceedings{MonteMor2011,
    doi = {10.1109/itng.2011.206},
    url = {https://doi.org/10.1109/itng.2011.206},
    year = {2011},
    month = apr,
    publisher = {{IEEE}},
    author = {Juliano de{\_}Almeida Monte-Mor and Elton Oliveira Ferreira and Henrique Fernandes Campos and Adilson Marques da Cunha and Luiz Alberto Vieira Dias},
    title = {Applying {MDA} Approach to Create Graphical User Interfaces},
    booktitle = {2011 Eighth International Conference on Information Technology: New Generations}
}

@inproceedings{Vieira2006,
    doi = {10.1145/1138929.1138932},
    url = {https://doi.org/10.1145/1138929.1138932},
    year = {2006},
    month = may,
    publisher = {{ACM}},
    author = {Marlon Vieira and Johanne Leduc and Bill Hasling and Rajesh Subramanyan and Juergen Kazmeier},
    title = {Automation of {GUI} testing using a model-driven approach},
    booktitle = {Proceedings of the 2006 international workshop on Automation of software test}
}

@TECHREPORT{Rymer2019,
    AUTHOR = {John R. Rymer and Rob Koplowitz and Christopher Mines and Sara Sjoblom and Christine Turley},
    TITLE = {The Forrester Wave™: Low-Code Development Platforms For AD\&D Professionals, Q1 2019},
    INSTITUTION = {Forrester Research, Inc.},
    ADDRESS = {Cambridge, MA 02140 USA},
    YEAR = {2019},
}

@article{Bock2021,
    doi = {10.1007/s12599-021-00726-8},
    url = {https://doi.org/10.1007/s12599-021-00726-8},
    year = {2021},
    month = nov,
    publisher = {Springer Science and Business Media {LLC}},
    volume = {63},
    number = {6},
    pages = {733--740},
    author = {Alexander C. Bock and Ulrich Frank},
    title = {Low-Code Platform},
    journal = {Business \& Information Systems Engineering}
}

@misc{calvary_cameleon_framework_2002,
    title = {The CAMELEON Reference Framework},
    author = {Calvary, G. and Coutaz, J. and Thevenin, D. and Bouillon, L. and Florins, M. and Limbourg, Q. and Souchon, N. and Vanderdonckt, J. and Marucci, L. and Patern{\`o}, F. and Santoro, C.},
    year = {2002},
}

@misc{calvary_cameleon_glossary_2002,
    title = {The CAMELEON Glossary},
    author = {Calvary, G. and Coutaz, J. and Thevenin, D. and Bouillon, L. and Florins, M. and Limbourg, Q. and Souchon, N. and Vanderdonckt, J. and Marucci, L. and Patern{\`o}, F. and Santoro, C.},
    year = {2003},
}

% literature review
@techreport{neiva_systematic_2016,
    author = {Neiva, Frâncila and L. S. Silva, Rodrigo},
    title = {{Systematic Literature Review} in {Computer Science} \textendash~{A Practical Guide}},
    institution = {Federal University of Juiz de Fora},
    year = {2016},
    month = {November}
}
@techreport{kitchenham_guidelines_2007,
    title = {Guidelines for performing {Systematic Literature Reviews} in {Software Engineering}},
    institution = {Keele University, University of Durham},
    author = {Kitchenham, Barbara and Charters, Stuart},
    year = {2007},
    month = {September},
    type = {Technical Report},
    number = {EBSE-2007-01},
}
@inproceedings{souchon_review_2003,
    address = {Berlin, Heidelberg},
    title = {A {Review} of {XML}-compliant {User} {Interface} {Description} {Languages}},
    isbn = {978-3-540-39929-2},
    booktitle = {Interactive {Systems}. {Design}, {Specification}, and {Verification}},
    publisher = {Springer Berlin Heidelberg},
    author = {Souchon, Nathalie and Vanderdonckt, Jean},
    editor = {Jorge, Joaquim A. and Jardim Nunes, Nuno and Falcão e Cunha, João},
    year = {2003},
    pages = {377--391},
}
@inproceedings{guerrero_garcia_theoretical_2009,
    title = {A {Theoretical} {Survey} of {User} {Interface} {Description} {Languages}: {Preliminary} {Results}},
    doi = {10.1109/LA-WEB.2009.40},
    booktitle = {2009 {Latin} {American} {Web} {Congress}},
    author = {Guerrero-García, Josefina and González-Calleros, Juan Manuel and Vanderdonckt, Jean and Muñoz-Arteaga, Jaime},
    month = nov,
    year = {2009},
    pages = {36--43},
}
@article{guerrero_garcia_theoretical_2011,
    title = {A {Theoretical Survey} of {User Interface Description Languages}: {Complementary Results}},
    author = {Guerrero-García, Josefina and González-Calleros, Juan Manuel and Vanderdonckt, Jean and Muñoz-Arteaga, Jaime},
    journal = {UsiXML 2011},
    pages = {229--236},
    month = {september},
    year = {2011},
}

@article{Jovanovic2013,
    doi = {10.2298/yjor121101007j},
    url = {https://doi.org/10.2298/yjor121101007j},
    year = {2013},
    publisher = {National Library of Serbia},
    volume = {23},
    number = {3},
    pages = {327--341},
    author = {Mladjan Jovanovic and Dusan Starcevic and Zoran Jovanovic},
    title = {Languages for model-driven development of user interfaces: Review of the state of the art},
    journal = {Yugoslav Journal of Operations Research}
}
